@article{ainsworth65001posteriori,
  title={A posteriori error estimation in finite element analysis (Wiley-Interscience, New York, 2000).},
  author={Ainsworth, M and Oden, JT},
  journal={MR1885308 (2003b: 65001)}
}

@article{babuska1978posteriori,
  title={A-posteriori error estimates for the finite element method},
  author={Babuska, Ivo and Rheinboldt, Werner C},
  journal={International Journal for Numerical Methods in Engineering},
  volume={12},
  number={10},
  pages={1597--1615},
  year={1978},
  publisher={Wiley Online Library}
}

@techreport{babuska1981posteriori,
  title={A-Posteriori Error Estimates and Adaptive Techniques for the Finite Element Method.},
  author={Babuska, I and Miller, A},
  year={1981},
  institution={MARYLAND UNIV COLLEGE PARK INST FOR PHYSICAL SCIENCE AND TECHNOLOGY}
}

@article{Bergam,
  title={A posteriori analysis of the finite element discretization of some parabolic equations},
  author={Bergam, Amal and Bernardi, Christine and Mghazli, Zoubida},
  journal={Mathematics of computation},
  volume={74},
  number={251},
  pages={1117--1138},
  year={2005}
}


@article{courant1943,
author = {Courant, R.},
fjournal = {Bulletin of the American Mathematical Society},
journal = {Bull. Amer. Math. Soc.},
month = {01},
number = {1},
pages = {1--23},
publisher = {American Mathematical Society},
title = {Variational methods for the solution of problems of equilibrium and vibrations},
url = {https://projecteuclid.org:443/euclid.bams/1183504922},
volume = {49},
year = {1943}
}

@article{eriksson1991adaptive,
  title={Adaptive finite element methods for parabolic problems I: A linear model problem},
  author={Eriksson, Kenneth and Johnson, Claes},
  journal={SIAM Journal on Numerical Analysis},
  volume={28},
  number={1},
  pages={43--77},
  year={1991},
  publisher={SIAM}
}

@article{johnson1988error,
  title={Error estimates and adaptive time-step control for a class of one-step methods for stiff ordinary differential equations},
  author={Johnson, Claes},
  journal={SIAM Journal on Numerical Analysis},
  volume={25},
  number={4},
  pages={908--926},
  year={1988},
  publisher={SIAM}
}

@book{larson2013finite,
  title={The finite element method: theory, implementation, and applications},
  author={Larson, Mats G and Bengzon, Fredrik},
  volume={10},
  year={2013},
  publisher={Springer Science \& Business Media}
}

@article{morin2008basic,
  title={A basic convergence result for conforming adaptive finite elements},
  author={Morin, Pedro and Siebert, Kunibert G and Veeser, Andreas},
  journal={Mathematical Models and Methods in Applied Sciences},
  volume={18},
  number={05},
  pages={707--737},
  year={2008},
  publisher={World Scientific}
}

@incollection{nochetto2009theory,
  title={Theory of adaptive finite element methods: an introduction},
  author={Nochetto, Ricardo H and Siebert, Kunibert G and Veeser, Andreas},
  booktitle={Multiscale, nonlinear and adaptive approximation},
  pages={409--542},
  year={2009},
  publisher={Springer}
}

@book{Pironneau,
  title={Computational methods for option pricing},
  author={Achdou, Yves and Pironneau, Olivier},
  volume={30},
  year={2005},
  publisher={Siam}
}

@article{siebert2011convergence,
  title={A convergence proof for adaptive finite elements without lower bound},
  author={Siebert, Kunibert G},
  journal={IMA journal of numerical analysis},
  volume={31},
  number={3},
  pages={947--970},
  year={2011},
  publisher={OUP}
}

@article{topper2005option,
  title={Option pricing with finite elements},
  author={Topper, J{\"u}rgen},
  journal={Wilmott Magazine},
  pages={84--90},
  year={2005}
}

@book{Topper,
  title={Financial engineering with finite elements},
  author={Topper, J{\"u}rgen},
  volume={319},
  year={2005},
  publisher={John Wiley \& Sons}
}

@article{zlamal1978superconvergence,
  title={Superconvergence and reduced integration in the finite element method},
  author={Zl{\'a}mal, Milo{\v{s}}},
  journal={Mathematics of computation},
  volume={32},
  number={143},
  pages={663--685},
  year={1978}
}

